%% This BibTeX bibliography file was created using BibDesk.
%% http://bibdesk.sourceforge.net/


%% Created for Eric DÃ¶rheit at 2015-06-27 11:33:18 +0200 


%% Saved with string encoding Unicode (UTF-8) 



@article{Chandola:2009:ADS:1541880.1541882,
	Acmid = {1541882},
	Address = {New York, NY, USA},
	Articleno = {15},
	Author = {Chandola, Varun and Banerjee, Arindam and Kumar, Vipin},
	Date-Added = {2015-06-27 09:33:15 +0000},
	Date-Modified = {2015-06-27 09:33:15 +0000},
	Doi = {10.1145/1541880.1541882},
	Issn = {0360-0300},
	Issue_Date = {July 2009},
	Journal = {ACM Comput. Surv.},
	Keywords = {Anomaly detection, outlier detection},
	Month = jul,
	Number = {3},
	Numpages = {58},
	Pages = {15:1--15:58},
	Publisher = {ACM},
	Title = {Anomaly Detection: A Survey},
	Url = {http://doi.acm.org/10.1145/1541880.1541882},
	Volume = {41},
	Year = {2009},
	Bdsk-Url-1 = {http://doi.acm.org/10.1145/1541880.1541882},
	Bdsk-Url-2 = {http://dx.doi.org/10.1145/1541880.1541882}}

@inproceedings{Jerzak:2012:DGC:2335484.2335536,
	Acmid = {2335536},
	Address = {New York, NY, USA},
	Author = {Jerzak, Zbigniew and Heinze, Thomas and Fehr, Matthias and Gr\"{o}ber, Daniel and Hartung, Raik and Stojanovic, Nenad},
	Booktitle = {Proceedings of the 6th ACM International Conference on Distributed Event-Based Systems},
	Date-Added = {2015-06-27 09:26:56 +0000},
	Date-Modified = {2015-06-27 09:26:56 +0000},
	Doi = {10.1145/2335484.2335536},
	Isbn = {978-1-4503-1315-5},
	Keywords = {cep, event processing, streaming},
	Location = {Berlin, Germany},
	Numpages = {6},
	Pages = {393--398},
	Publisher = {ACM},
	Series = {DEBS '12},
	Title = {The DEBS 2012 Grand Challenge},
	Url = {http://doi.acm.org/10.1145/2335484.2335536},
	Year = {2012},
	Bdsk-Url-1 = {http://doi.acm.org/10.1145/2335484.2335536},
	Bdsk-Url-2 = {http://dx.doi.org/10.1145/2335484.2335536}}
